<?xml version='1.0' encoding='UTF-8'?>
<collection xmlns='info:lc/xmlns/marcxchange-v1' xmlns:xsi='http://www.w3.org/2001/XMLSchema-instance' xsi:schemaLocation='info:lc/xmlns/marcxchange-v1 http://www.loc.gov/standards/iso25577/marcxchange-1-1.xsd'><record><leader>00000n    2200000   4500</leader><datafield ind1='0' ind2='0' tag='001'><subfield code='a'>53930557</subfield><subfield code='b'>191919</subfield><subfield code='c'>20180213134636</subfield><subfield code='d'>20180131</subfield><subfield code='f'>a</subfield></datafield><datafield ind1='0' ind2='0' tag='004'><subfield code='r'>n</subfield><subfield code='a'>b</subfield></datafield><datafield ind1='0' ind2='0' tag='008'><subfield code='t'>m</subfield><subfield code='v'>0</subfield></datafield><datafield ind1='0' ind2='0' tag='014'><subfield code='a'>53968368</subfield></datafield><datafield ind1='0' ind2='0' tag='021'><subfield code='e'>9788711782705</subfield></datafield><datafield ind1='0' ind2='0' tag='032'><subfield code='x'>ACC201805</subfield><subfield code='a'>DBF201809</subfield><subfield code='x'>BKM201809</subfield></datafield><datafield ind1='0' ind2='0' tag='245'><subfield code='g'>12</subfield><subfield code='a'>En ¤historie om to kvinder</subfield></datafield><datafield ind1='0' ind2='0' tag='700'><subfield code='a'>Lo</subfield><subfield code='h'>Malinda</subfield><subfield code='4'>aut</subfield></datafield><datafield ind1='0' ind2='0' tag='996'><subfield code='a'>DBC</subfield></datafield><datafield ind1='0' ind2='0' tag='d08'><subfield code='f'>ls</subfield><subfield code='a'>Forventet udgivelsesdato 01-02-2018</subfield><subfield code='o'>nk</subfield></datafield><datafield ind1='0' ind2='0' tag='d70'><subfield code='b'>Publizon</subfield></datafield><datafield ind1='0' ind2='0' tag='f06'><subfield code='b'>v</subfield></datafield><datafield ind1='0' ind2='0' tag='f21'><subfield code='a'>http://dmat.dbc.dk/eVALU/get.php?isbn=9788711782705</subfield><subfield code='l'>Publizon</subfield><subfield code='f'>http://images.pubhub.dk/originals/3e96d8e7-c22e-4029-9827-374b9c3506f7.jpg</subfield><subfield code='n'>9788711782705</subfield></datafield><datafield ind1='0' ind2='0' tag='s12'><subfield code='t'>TeamBAC201807</subfield></datafield><datafield ind1='0' ind2='0' tag='z99'><subfield code='a'>nk</subfield></datafield></record>