<record><leader>00000n    2200000   4500</leader><datafield ind1='0' ind2='0' tag='001'><subfield code='a'>53968368</subfield><subfield code='b'>191919</subfield><subfield code='c'>20180213134732</subfield><subfield code='d'>20180213</subfield><subfield code='f'>a</subfield></datafield><datafield ind1='0' ind2='0' tag='004'><subfield code='r'>n</subfield><subfield code='a'>h</subfield></datafield><datafield ind1='0' ind2='0' tag='008'><subfield code='u'>f</subfield><subfield code='b'>dk</subfield><subfield code='d'>x</subfield><subfield code='j'>f</subfield><subfield code='l'>dan</subfield><subfield code='n'>b</subfield><subfield code='w'>1</subfield><subfield code='v'>0</subfield></datafield><datafield ind1='0' ind2='0' tag='009'><subfield code='a'>a</subfield><subfield code='g'>xe</subfield></datafield><datafield ind1='0' ind2='0' tag='041'><subfield code='a'>dan</subfield><subfield code='c'>eng</subfield></datafield><datafield ind1='0' ind2='0' tag='241'><subfield code='a'>Tremontaine</subfield></datafield><datafield ind1='0' ind2='0' tag='245'><subfield code='a'>Tremontaine - episode 1</subfield></datafield><datafield ind1='0' ind2='0' tag='250'><subfield code='a'>1. ebogsudgave</subfield><subfield code='b'>÷</subfield></datafield><datafield ind1='0' ind2='0' tag='260'><subfield code='b'>Saga</subfield><subfield code='g'>[sælges på internettet]</subfield><subfield code='c'>2018-</subfield></datafield><datafield ind1='0' ind2='0' tag='300'><subfield code='a'>dele</subfield></datafield><datafield ind1='0' ind2='0' tag='504'><subfield code='&amp;'>1</subfield><subfield code='a'>Fantasy. I en fiktiv by i en fjern fortid udspiller der sig et klassisk melodrama fyldt med sex, skandaler og sværdkamp</subfield></datafield><datafield ind1='0' ind2='0' tag='512'><subfield code='a'>Downloades i EPUB-format</subfield></datafield><datafield ind1='0' ind2='0' tag='652'><subfield code='n'>83</subfield><subfield code='z'>296</subfield></datafield><datafield ind1='0' ind2='0' tag='652'><subfield code='o'>sk</subfield></datafield><datafield ind1='0' ind2='0' tag='666'><subfield code='0'></subfield><subfield code='s'>fantasy</subfield></datafield><datafield ind1='0' ind2='0' tag='700'><subfield code='a'>Kushner</subfield><subfield code='h'>Ellen</subfield><subfield code='4'>ccp</subfield></datafield><datafield ind1='0' ind2='0' tag='720'><subfield code='o'>Mette Wigh Tvermoes</subfield><subfield code='4'>trl</subfield></datafield><datafield ind1='0' ind2='0' tag='996'><subfield code='a'>DBC</subfield></datafield><datafield ind1='0' ind2='0' tag='d08'><subfield code='o'>nk</subfield><subfield code='a'>700 har skabt universet og skriver serien sammen med en række forfattere - "hellere 100?"</subfield></datafield><datafield ind1='0' ind2='0' tag='z99'><subfield code='a'>nk</subfield></datafield></record></collection>
